<record><leader>00000cas a22000007a 4500</leader><controlfield tag="001">15584772</controlfield><controlfield tag="008">870424d19201930msudr ne      0    0eng d</controlfield><datafield ind1=" " ind2=" " tag="010"><subfield code="a">sn 87065322 </subfield></datafield><datafield ind1=" " ind2=" " tag="040"><subfield code="a">MJA</subfield><subfield code="b">eng</subfield><subfield code="c">MJA</subfield><subfield code="d">MSJ</subfield><subfield code="d">OCLCQ</subfield></datafield><datafield ind1=" " ind2=" " tag="042"><subfield code="a">msc</subfield></datafield><datafield ind1="0" ind2=" " tag="130"><subfield code="a">Laurel daily leader (Laurel, Miss. : 1920)</subfield></datafield><datafield ind1="1" ind2="0" tag="245"><subfield code="a">Laurel daily leader.</subfield></datafield><datafield ind1=" " ind2=" " tag="260"><subfield code="a">Laurel, Miss. :</subfield><subfield code="b">Leader Pub. Co.,</subfield><subfield code="c">1920-1930.</subfield></datafield><datafield ind1=" " ind2=" " tag="310"><subfield code="a">Daily (except Sun.)</subfield></datafield><datafield ind1="0" ind2=" " tag="362"><subfield code="a">Vol. 21, no. 58 (Oct. 15, 1920)-v. 30, no. 94 (Feb. 2, 1930).</subfield></datafield><datafield ind1=" " ind2=" " tag="752"><subfield code="a">United States</subfield><subfield code="b">Mississippi</subfield><subfield code="c">Jones</subfield><subfield code="d">Laurel.</subfield></datafield><datafield ind1="0" ind2="0" tag="780"><subfield code="t">Laurel leader (Laurel, Miss.)</subfield><subfield code="w">(OCoLC)15584614</subfield></datafield><datafield ind1="0" ind2="7" tag="785"><subfield code="t">Morning call (Laurel, Miss.)</subfield><subfield code="w">(OCoLC)14917114</subfield></datafield><datafield ind1="0" ind2="7" tag="785"><subfield code="t">Laurel leader-call (Laurel, Miss. : 1930)</subfield><subfield code="w">(OCoLC)15585714</subfield></datafield></record>